@article{wired,
 author = {Andy Greenberg},
 title  = {Hackers Remotely Kill a Jeep on the Highway - with Me in It},
 year   = {2015},
 month  = {July},
 day    = {17},
 url    = {http://www.wired.com/2015/07/hackers-remotely-kill-jeep-highway/},
 annote = {This was the earliest resource I could find on the Jeep hacking and appears to be how Miller and Valasek unveiled their findings.}
}

@misc{seCode,
 title  = {Software Engineering Code of Ethics},
 url    = {http://www.acm.org/about/se-code},
 annote = {The Software Engineering Code of Ethics is the basis of my analysis of Miller's actions.}
}

@conference{officialPaper,
 title  = {Remote Exploitation of an Unaltered Passenger Vehicle},
 author = {Charlie Miller and Chris Valasek},
 month  = {August},
 day    = {10},
 year   = {2015},
 url    = {http://illmatics.com/Remote%20Car%20Hacking.pdf},
 annote = {This is the official paper written by the two hackers on the details of how they did it.}
}

@article{originalHack,
 author = {Andy Greenberg},
 title  = {Hackers Reveal Nasty New Car Attacks--With Me Behind The Wheel (Video)},
 month  = {July},
 day    = {24},
 year   = {2013},
 url    = {http://www.forbes.com/sites/andygreenberg/2013/07/24/hackers-reveal-nasty-new-car-attacks-with-me-behind-the-wheel-video/},
 annote = {This is the original article from their first hack in 2013, the one that car manufacturers dismissed because they had physical access to the car.}
}

@misc {DMCA,
 title  = {Copyright Law of the United States of America; Circumvention of Protection Systems},
 url    = {http://www.copyright.gov/title17/92chap12.html#1201},
 annote = {States the laws of DMCA regarding Anti-Circumvention rules.}
}

@article {recall,
 author = {Andy Greenberg},
 month  = {July},
 day    = {24},
 year   = {2015},
 url    = {http://www.wired.com/2015/07/jeep-hack-chrysler-recalls-1-4m-vehicles-bug-fix/},
 annote = {Discusses the results of the remote Jeep hack; 1.4 million vehicles recalled.}
}

@article {brokeDMCA, 
 author = {Richard Chirgwin},
 month  = {July},
 day    = {23},
 year   = {2015},
 url    = {http://www.theregister.co.uk/2015/07/23/jeep_hackers_broke_dmca_says_eff/},
 annote = {Describes how the Jeep hacking broke DMCA and why the author and EFF believe it shouldn't have.}
}

@article {vwScandal, 
 author = {Russell Hotten},
 month  = {September},
 day    = {25},
 year   = {2015},
 url    = {http://www.bbc.com/news/business-34324772},
 annote = {Summarizes the Volkswagen Scandal in which they faked their emission tests for their Clean Diesel technology.}
}

@article {uber, 
 author = {Joseph Menn},
 month  = {August},
 day    = {28},
 year   = {2015},
 url    = {http://www.reuters.com/article/2015/08/28/us-uber-tech-security-idUSKCN0QX2BQ20150828},
 annote = {News that after the Jeep hack, Uber hired Miller and Valasek to work on security research for their company}
}

@ONLINE { dictionary,
 url = {http://dictionary.reference.com/},
 month  = {October},
 day    = {},
 year   = {2015},
 annote = {This is the online dictionary reference used to define terms in the SE Code tenets.}
}

@ONLINE { youtube,
 url = {https://www.youtube.com/watch?v=OobLb1McxnI},
 month  = {August},
 day    = {21},
 year   = {2015},
 annote = {This is the video of Miller and Valasek's DEF CON talk on hacking the Jeep.}
}

article {, 
 author = {},
 month  = {},
 day    = {},
 year   = {},
 url    = {},
 annote = {}
}






